<record><leader>00000cas a22000007a 4500</leader><controlfield tag="001">9994574</controlfield><controlfield tag="008">831008d18521866nyudn ne      0    0eng d</controlfield><controlfield tag="009">3781</controlfield><datafield ind1=" " ind2=" " tag="010"><subfield code="a">sn 83031843 </subfield></datafield><datafield ind1=" " ind2=" " tag="040"><subfield code="a">NPU</subfield><subfield code="b">eng</subfield><subfield code="c">NPU</subfield><subfield code="d">NPX</subfield><subfield code="d">NYG</subfield><subfield code="d">NYS</subfield><subfield code="d">OCL</subfield><subfield code="d">KRTAS</subfield><subfield code="d">OCLCF</subfield><subfield code="d">OCLCO</subfield></datafield><datafield ind1=" " ind2=" " tag="042"><subfield code="a">msc</subfield></datafield><datafield ind1="0" ind2=" " tag="130"><subfield code="a">Daily press (Poughkeepsie, N.Y.)</subfield></datafield><datafield ind1="0" ind2="0" tag="245"><subfield code="a">Daily press.</subfield></datafield><datafield ind1=" " ind2=" " tag="260"><subfield code="a">Poughkeepsie, [N.Y.] :</subfield><subfield code="b">Nichols, Bush &amp; Co.,</subfield></datafield><datafield ind1=" " ind2=" " tag="300"><subfield code="a">v. ;</subfield><subfield code="c">53-57 cm.</subfield></datafield><datafield ind1=" " ind2=" " tag="310"><subfield code="a">Daily (except Sunday)</subfield></datafield><datafield ind1="0" ind2=" " tag="362"><subfield code="a">Vol. 1, no. 1 (May 3, 1852)-v. 3, no. 869 (June 16, 1866).</subfield></datafield><datafield ind1=" " ind2=" " tag="500"><subfield code="a">Editors: Nichols, Bush &amp; Co., &lt;1858&gt;; Albert S. Pease, &lt;1859-1860&gt;, &lt;1862&gt;; J.W. Spaight, &lt;1859-1861&gt;; J.G.P. Holden, &lt;1859-1861&gt;.</subfield></datafield><datafield ind1=" " ind2=" " tag="500"><subfield code="a">Also published a weekly ed. (title unknown).</subfield></datafield><datafield ind1=" " ind2=" " tag="500"><subfield code="a">Publishers: Nichols, Bush &amp; Co., 1852-1858; Albert S. Pease, &lt;1859&gt;; Albert S. Pease &amp; Co., 1859-&lt;1860&gt;; Holden &amp; Spaight, &lt;1861&gt;; Mrs. Sarah E. Pease, &lt;1862&gt;.</subfield></datafield><datafield ind1=" " ind2="0" tag="651"><subfield code="a">Poughkeepsie (N.Y.)</subfield><subfield code="v">Newspapers.</subfield></datafield><datafield ind1=" " ind2="0" tag="651"><subfield code="a">Dutchess County (N.Y.)</subfield><subfield code="v">Newspapers.</subfield></datafield><datafield ind1=" " ind2="7" tag="655"><subfield code="a">Newspapers.</subfield><subfield code="2">fast</subfield><subfield code="0">(OCoLC)fst01423814</subfield></datafield><datafield ind1=" " ind2="7" tag="651"><subfield code="a">New York (State)</subfield><subfield code="z">Dutchess County.</subfield><subfield code="2">fast</subfield><subfield code="0">(OCoLC)fst01207498</subfield></datafield><datafield ind1=" " ind2="7" tag="651"><subfield code="a">New York (State)</subfield><subfield code="z">Poughkeepsie.</subfield><subfield code="2">fast</subfield><subfield code="0">(OCoLC)fst01214704</subfield></datafield><datafield ind1=" " ind2=" " tag="752"><subfield code="a">United States</subfield><subfield code="b">New York</subfield><subfield code="c">Dutchess</subfield><subfield code="d">Poughkeepsie.</subfield></datafield><datafield ind1="0" ind2="0" tag="780"><subfield code="t">Daily city press</subfield><subfield code="w">(DLC)sn 83031844</subfield></datafield><datafield ind1="0" ind2="0" tag="785"><subfield code="t">Poughkeepsie daily press</subfield><subfield code="w">(DLC)sn 83031842</subfield></datafield><datafield ind1=" " ind2=" " tag="938"><subfield code="a">Kirtas Technologies, Inc.</subfield><subfield code="b">KRTS</subfield><subfield code="n">737538</subfield></datafield></record>